<?xml version="1.0" encoding="UTF-8"?><collection xmlns="http://www.loc.gov/MARC21/slim"><record><leader>00652nam--2200217-u-4500</leader><controlfield tag="001">000050750</controlfield><controlfield tag="002">20161230</controlfield><controlfield tag="005">20161230201048</controlfield><controlfield tag="008">080331s1000------------r-----000-0-eng-d</controlfield><datafield ind1=" " ind2=" " tag="020"><subfield code="a">9783764387358</subfield></datafield><datafield ind1=" " ind2=" " tag="040"><subfield code="a">IFIN-HH</subfield></datafield><datafield ind1=" " ind2=" " tag="080"><subfield code="a">530.14:(512:517.958)</subfield></datafield><datafield ind1="1" ind2=" " tag="100"><subfield code="a">Fauser, Bertfried</subfield></datafield><datafield ind1="1" ind2="0" tag="245"><subfield code="a">Quantum Field Theory</subfield><subfield code="b">Competitive Models</subfield><subfield code="c">Bertfried Fauser; Jurgen Tolksdorf; Eberhard Zeidler (Eds.)</subfield></datafield><datafield ind1=" " ind2=" " tag="260"><subfield code="a">Basel</subfield><subfield code="b">Birkhauser</subfield><subfield code="c">2009</subfield></datafield><datafield ind1=" " ind2=" " tag="300"><subfield code="a">436p</subfield></datafield><datafield ind1=" " ind2=" " tag="504"><subfield code="a">Includes Bibliographical References and Index</subfield></datafield><datafield ind1=" " ind2="4" tag="650"><subfield code="a">Quantum field theory</subfield></datafield><datafield ind1="1" ind2=" " tag="700"><subfield code="a">Zeidler, Eberhard</subfield><subfield code="e">Ed</subfield></datafield><datafield ind1=" " ind2=" " tag="852"><subfield code="c">530.145</subfield></datafield><datafield ind1=" " ind2=" " tag="CAT"><subfield code="a">Sys</subfield><subfield code="c">20110404</subfield><subfield code="h">152440</subfield></datafield></record></collection>